<?xml version="1.0" encoding="UTF-8"?><collection xmlns="http://www.loc.gov/MARC21/slim"><record><leader>00451nam--2200121-i-4500</leader><controlfield tag="001">000034691</controlfield><controlfield tag="002">20161230</controlfield><controlfield tag="005">20161230201040</controlfield><controlfield tag="008">060222s1000------------r-----000-0-eng-d</controlfield><datafield ind1=" " ind2=" " tag="080"><subfield code="a">621.791.94(083.133)</subfield></datafield><datafield ind1=" " ind2=" " tag="245"><subfield code="a">Normative unificate pe economie (republica) de timpi pentru lucrari de taiere si deformare la rece (matrite si stantare) serie mare (partea i-a), serie mijlocie (partea ii-a), nt.1</subfield></datafield><datafield ind1=" " ind2=" " tag="260"><subfield code="a">Bucuresti, Oidmicm, 1979, 66p</subfield></datafield><datafield ind1=" " ind2=" " tag="852"><subfield code="a">D.2133</subfield></datafield></record></collection>